%YAML 1.1
%TAG !u! tag:unity3d.com,2011:
--- !u!1 &754643347563284262
GameObject:
  m_ObjectHideFlags: 0
  m_CorrespondingSourceObject: {fileID: 0}
  m_PrefabInstance: {fileID: 0}
  m_PrefabAsset: {fileID: 0}
  serializedVersion: 6
  m_Component:
  - component: {fileID: 8472106170736559769}
  - component: {fileID: 1504180790971760639}
  - component: {fileID: 6420955210926179338}
  - component: {fileID: 5378749333019856681}
  - component: {fileID: 5016229228328806346}
  m_Layer: 0
  m_Name: Watchtower
  m_TagString: Untagged
  m_Icon: {fileID: 0}
  m_NavMeshLayer: 0
  m_StaticEditorFlags: 0
  m_IsActive: 1
--- !u!4 &8472106170736559769
Transform:
  m_ObjectHideFlags: 0
  m_CorrespondingSourceObject: {fileID: 0}
  m_PrefabInstance: {fileID: 0}
  m_PrefabAsset: {fileID: 0}
  m_GameObject: {fileID: 754643347563284262}
  m_LocalRotation: {x: 0, y: 0, z: 0, w: 1}
  m_LocalPosition: {x: 22, y: 8, z: 14}
  m_LocalScale: {x: 1, y: 1, z: 1}
  m_Children:
  - {fileID: 3691452934648527940}
  - {fileID: 9157604581400980645}
  - {fileID: 9020182687838122741}
  m_Father: {fileID: 0}
  m_RootOrder: 0
  m_LocalEulerAnglesHint: {x: 0, y: 0, z: 0}
--- !u!33 &1504180790971760639
MeshFilter:
  m_ObjectHideFlags: 0
  m_CorrespondingSourceObject: {fileID: 0}
  m_PrefabInstance: {fileID: 0}
  m_PrefabAsset: {fileID: 0}
  m_GameObject: {fileID: 754643347563284262}
  m_Mesh: {fileID: 0}
--- !u!23 &6420955210926179338
MeshRenderer:
  m_ObjectHideFlags: 0
  m_CorrespondingSourceObject: {fileID: 0}
  m_PrefabInstance: {fileID: 0}
  m_PrefabAsset: {fileID: 0}
  m_GameObject: {fileID: 754643347563284262}
  m_Enabled: 1
  m_CastShadows: 1
  m_ReceiveShadows: 1
  m_DynamicOccludee: 1
  m_MotionVectors: 1
  m_LightProbeUsage: 1
  m_ReflectionProbeUsage: 1
  m_RayTracingMode: 2
  m_RayTraceProcedural: 0
  m_RenderingLayerMask: 1
  m_RendererPriority: 0
  m_Materials:
  - {fileID: 2100000, guid: c22777d6e868e4f2fb421913386b154e, type: 2}
  m_StaticBatchInfo:
    firstSubMesh: 0
    subMeshCount: 0
  m_StaticBatchRoot: {fileID: 0}
  m_ProbeAnchor: {fileID: 0}
  m_LightProbeVolumeOverride: {fileID: 0}
  m_ScaleInLightmap: 1
  m_ReceiveGI: 1
  m_PreserveUVs: 0
  m_IgnoreNormalsForChartDetection: 0
  m_ImportantGI: 0
  m_StitchLightmapSeams: 1
  m_SelectedEditorRenderState: 2
  m_MinimumChartSize: 4
  m_AutoUVMaxDistance: 0.5
  m_AutoUVMaxAngle: 89
  m_LightmapParameters: {fileID: 0}
  m_SortingLayerID: 0
  m_SortingLayer: 0
  m_SortingOrder: 0
  m_AdditionalVertexStreams: {fileID: 0}
--- !u!114 &5378749333019856681
MonoBehaviour:
  m_ObjectHideFlags: 0
  m_CorrespondingSourceObject: {fileID: 0}
  m_PrefabInstance: {fileID: 0}
  m_PrefabAsset: {fileID: 0}
  m_GameObject: {fileID: 754643347563284262}
  m_Enabled: 1
  m_EditorHideFlags: 0
  m_Script: {fileID: 11500000, guid: 8233d90336aea43098adf6dbabd606a2, type: 3}
  m_Name: 
  m_EditorClassIdentifier: 
  m_MeshFormatVersion: 1
  m_Faces:
  - m_Indexes: 000000000100000002000000010000000300000002000000
    m_SmoothingGroup: 1
    m_Uv:
      m_UseWorldSpace: 0
      m_FlipU: 0
      m_FlipV: 0
      m_SwapUV: 0
      m_Fill: 1
      m_Scale: {x: 1, y: 1}
      m_Offset: {x: 0, y: 0}
      m_Rotation: 0
      m_Anchor: 9
    m_Material: {fileID: 0}
    m_SubmeshIndex: 0
    m_ManualUV: 0
    elementGroup: -1
    m_TextureGroup: -1
  - m_Indexes: 040000000500000006000000050000000700000006000000
    m_SmoothingGroup: 1
    m_Uv:
      m_UseWorldSpace: 0
      m_FlipU: 0
      m_FlipV: 0
      m_SwapUV: 0
      m_Fill: 1
      m_Scale: {x: 1, y: 1}
      m_Offset: {x: 0, y: 0}
      m_Rotation: 0
      m_Anchor: 9
    m_Material: {fileID: 0}
    m_SubmeshIndex: 0
    m_ManualUV: 0
    elementGroup: -1
    m_TextureGroup: -1
  - m_Indexes: 08000000090000000a000000090000000b0000000a000000
    m_SmoothingGroup: 1
    m_Uv:
      m_UseWorldSpace: 0
      m_FlipU: 0
      m_FlipV: 0
      m_SwapUV: 0
      m_Fill: 1
      m_Scale: {x: 1, y: 1}
      m_Offset: {x: 0, y: 0}
      m_Rotation: 0
      m_Anchor: 9
    m_Material: {fileID: 0}
    m_SubmeshIndex: 0
    m_ManualUV: 0
    elementGroup: -1
    m_TextureGroup: -1
  - m_Indexes: 0c0000000d0000000e0000000d0000000f0000000e000000
    m_SmoothingGroup: 1
    m_Uv:
      m_UseWorldSpace: 0
      m_FlipU: 0
      m_FlipV: 0
      m_SwapUV: 0
      m_Fill: 1
      m_Scale: {x: 1, y: 1}
      m_Offset: {x: 0, y: 0}
      m_Rotation: 0
      m_Anchor: 9
    m_Material: {fileID: 0}
    m_SubmeshIndex: 0
    m_ManualUV: 0
    elementGroup: -1
    m_TextureGroup: -1
  - m_Indexes: 100000001100000012000000110000001300000012000000
    m_SmoothingGroup: 1
    m_Uv:
      m_UseWorldSpace: 0
      m_FlipU: 0
      m_FlipV: 0
      m_SwapUV: 0
      m_Fill: 1
      m_Scale: {x: 1, y: 1}
      m_Offset: {x: 0, y: 0}
      m_Rotation: 0
      m_Anchor: 9
    m_Material: {fileID: 0}
    m_SubmeshIndex: 0
    m_ManualUV: 0
    elementGroup: -1
    m_TextureGroup: -1
  - m_Indexes: 140000001500000016000000150000001700000016000000
    m_SmoothingGroup: 1
    m_Uv:
      m_UseWorldSpace: 0
      m_FlipU: 0
      m_FlipV: 0
      m_SwapUV: 0
      m_Fill: 1
      m_Scale: {x: 1, y: 1}
      m_Offset: {x: 0, y: 0}
      m_Rotation: 0
      m_Anchor: 9
    m_Material: {fileID: 0}
    m_SubmeshIndex: 0
    m_ManualUV: 0
    elementGroup: -1
    m_TextureGroup: -1
  - m_Indexes: 18000000190000001a000000190000001b0000001a000000
    m_SmoothingGroup: 1
    m_Uv:
      m_UseWorldSpace: 0
      m_FlipU: 0
      m_FlipV: 0
      m_SwapUV: 0
      m_Fill: 1
      m_Scale: {x: 1, y: 1}
      m_Offset: {x: 0, y: 0}
      m_Rotation: 0
      m_Anchor: 9
    m_Material: {fileID: 0}
    m_SubmeshIndex: 0
    m_ManualUV: 0
    elementGroup: -1
    m_TextureGroup: -1
  - m_Indexes: 1c0000001d0000001e0000001d0000001f0000001e000000
    m_SmoothingGroup: 1
    m_Uv:
      m_UseWorldSpace: 0
      m_FlipU: 0
      m_FlipV: 0
      m_SwapUV: 0
      m_Fill: 1
      m_Scale: {x: 1, y: 1}
      m_Offset: {x: 0, y: 0}
      m_Rotation: 0
      m_Anchor: 9
    m_Material: {fileID: 0}
    m_SubmeshIndex: 0
    m_ManualUV: 0
    elementGroup: -1
    m_TextureGroup: -1
  - m_Indexes: 220000002100000020000000
    m_SmoothingGroup: 0
    m_Uv:
      m_UseWorldSpace: 0
      m_FlipU: 0
      m_FlipV: 0
      m_SwapUV: 0
      m_Fill: 1
      m_Scale: {x: 1, y: 1}
      m_Offset: {x: 0, y: 0}
      m_Rotation: 0
      m_Anchor: 9
    m_Material: {fileID: 2100000, guid: c22777d6e868e4f2fb421913386b154e, type: 2}
    m_SubmeshIndex: 0
    m_ManualUV: 0
    elementGroup: 0
    m_TextureGroup: -1
  - m_Indexes: 280000002700000026000000
    m_SmoothingGroup: 0
    m_Uv:
      m_UseWorldSpace: 0
      m_FlipU: 0
      m_FlipV: 0
      m_SwapUV: 0
      m_Fill: 1
      m_Scale: {x: 1, y: 1}
      m_Offset: {x: 0, y: 0}
      m_Rotation: 0
      m_Anchor: 9
    m_Material: {fileID: 2100000, guid: c22777d6e868e4f2fb421913386b154e, type: 2}
    m_SubmeshIndex: 0
    m_ManualUV: 0
    elementGroup: 0
    m_TextureGroup: -1
  - m_Indexes: 2e0000002d0000002c000000
    m_SmoothingGroup: 0
    m_Uv:
      m_UseWorldSpace: 0
      m_FlipU: 0
      m_FlipV: 0
      m_SwapUV: 0
      m_Fill: 1
      m_Scale: {x: 1, y: 1}
      m_Offset: {x: 0, y: 0}
      m_Rotation: 0
      m_Anchor: 9
    m_Material: {fileID: 2100000, guid: c22777d6e868e4f2fb421913386b154e, type: 2}
    m_SubmeshIndex: 0
    m_ManualUV: 0
    elementGroup: 0
    m_TextureGroup: -1
  - m_Indexes: 340000003300000032000000
    m_SmoothingGroup: 0
    m_Uv:
      m_UseWorldSpace: 0
      m_FlipU: 0
      m_FlipV: 0
      m_SwapUV: 0
      m_Fill: 1
      m_Scale: {x: 1, y: 1}
      m_Offset: {x: 0, y: 0}
      m_Rotation: 0
      m_Anchor: 9
    m_Material: {fileID: 2100000, guid: c22777d6e868e4f2fb421913386b154e, type: 2}
    m_SubmeshIndex: 0
    m_ManualUV: 0
    elementGroup: 0
    m_TextureGroup: -1
  - m_Indexes: 3a0000003900000038000000
    m_SmoothingGroup: 0
    m_Uv:
      m_UseWorldSpace: 0
      m_FlipU: 0
      m_FlipV: 0
      m_SwapUV: 0
      m_Fill: 1
      m_Scale: {x: 1, y: 1}
      m_Offset: {x: 0, y: 0}
      m_Rotation: 0
      m_Anchor: 9
    m_Material: {fileID: 2100000, guid: c22777d6e868e4f2fb421913386b154e, type: 2}
    m_SubmeshIndex: 0
    m_ManualUV: 0
    elementGroup: 0
    m_TextureGroup: -1
  - m_Indexes: 400000003f0000003e000000
    m_SmoothingGroup: 0
    m_Uv:
      m_UseWorldSpace: 0
      m_FlipU: 0
      m_FlipV: 0
      m_SwapUV: 0
      m_Fill: 1
      m_Scale: {x: 1, y: 1}
      m_Offset: {x: 0, y: 0}
      m_Rotation: 0
      m_Anchor: 9
    m_Material: {fileID: 2100000, guid: c22777d6e868e4f2fb421913386b154e, type: 2}
    m_SubmeshIndex: 0
    m_ManualUV: 0
    elementGroup: 0
    m_TextureGroup: -1
  - m_Indexes: 460000004500000044000000
    m_SmoothingGroup: 0
    m_Uv:
      m_UseWorldSpace: 0
      m_FlipU: 0
      m_FlipV: 0
      m_SwapUV: 0
      m_Fill: 1
      m_Scale: {x: 1, y: 1}
      m_Offset: {x: 0, y: 0}
      m_Rotation: 0
      m_Anchor: 9
    m_Material: {fileID: 2100000, guid: c22777d6e868e4f2fb421913386b154e, type: 2}
    m_SubmeshIndex: 0
    m_ManualUV: 0
    elementGroup: 0
    m_TextureGroup: -1
  - m_Indexes: 4c0000004b0000004a000000
    m_SmoothingGroup: 0
    m_Uv:
      m_UseWorldSpace: 0
      m_FlipU: 0
      m_FlipV: 0
      m_SwapUV: 0
      m_Fill: 1
      m_Scale: {x: 1, y: 1}
      m_Offset: {x: 0, y: 0}
      m_Rotation: 0
      m_Anchor: 9
    m_Material: {fileID: 2100000, guid: c22777d6e868e4f2fb421913386b154e, type: 2}
    m_SubmeshIndex: 0
    m_ManualUV: 0
    elementGroup: 0
    m_TextureGroup: -1
  - m_Indexes: 230000002400000025000000
    m_SmoothingGroup: 0
    m_Uv:
      m_UseWorldSpace: 0
      m_FlipU: 0
      m_FlipV: 0
      m_SwapUV: 0
      m_Fill: 1
      m_Scale: {x: 1, y: 1}
      m_Offset: {x: 0, y: 0}
      m_Rotation: 0
      m_Anchor: 9
    m_Material: {fileID: 2100000, guid: c22777d6e868e4f2fb421913386b154e, type: 2}
    m_SubmeshIndex: 0
    m_ManualUV: 0
    elementGroup: 0
    m_TextureGroup: -1
  - m_Indexes: 290000002a0000002b000000
    m_SmoothingGroup: 0
    m_Uv:
      m_UseWorldSpace: 0
      m_FlipU: 0
      m_FlipV: 0
      m_SwapUV: 0
      m_Fill: 1
      m_Scale: {x: 1, y: 1}
      m_Offset: {x: 0, y: 0}
      m_Rotation: 0
      m_Anchor: 9
    m_Material: {fileID: 2100000, guid: c22777d6e868e4f2fb421913386b154e, type: 2}
    m_SubmeshIndex: 0
    m_ManualUV: 0
    elementGroup: 0
    m_TextureGroup: -1
  - m_Indexes: 2f0000003000000031000000
    m_SmoothingGroup: 0
    m_Uv:
      m_UseWorldSpace: 0
      m_FlipU: 0
      m_FlipV: 0
      m_SwapUV: 0
      m_Fill: 1
      m_Scale: {x: 1, y: 1}
      m_Offset: {x: 0, y: 0}
      m_Rotation: 0
      m_Anchor: 9
    m_Material: {fileID: 2100000, guid: c22777d6e868e4f2fb421913386b154e, type: 2}
    m_SubmeshIndex: 0
    m_ManualUV: 0
    elementGroup: 0
    m_TextureGroup: -1
  - m_Indexes: 350000003600000037000000
    m_SmoothingGroup: 0
    m_Uv:
      m_UseWorldSpace: 0
      m_FlipU: 0
      m_FlipV: 0
      m_SwapUV: 0
      m_Fill: 1
      m_Scale: {x: 1, y: 1}
      m_Offset: {x: 0, y: 0}
      m_Rotation: 0
      m_Anchor: 9
    m_Material: {fileID: 2100000, guid: c22777d6e868e4f2fb421913386b154e, type: 2}
    m_SubmeshIndex: 0
    m_ManualUV: 0
    elementGroup: 0
    m_TextureGroup: -1
  - m_Indexes: 3b0000003c0000003d000000
    m_SmoothingGroup: 0
    m_Uv:
      m_UseWorldSpace: 0
      m_FlipU: 0
      m_FlipV: 0
      m_SwapUV: 0
      m_Fill: 1
      m_Scale: {x: 1, y: 1}
      m_Offset: {x: 0, y: 0}
      m_Rotation: 0
      m_Anchor: 9
    m_Material: {fileID: 2100000, guid: c22777d6e868e4f2fb421913386b154e, type: 2}
    m_SubmeshIndex: 0
    m_ManualUV: 0
    elementGroup: 0
    m_TextureGroup: -1
  - m_Indexes: 410000004200000043000000
    m_SmoothingGroup: 0
    m_Uv:
      m_UseWorldSpace: 0
      m_FlipU: 0
      m_FlipV: 0
      m_SwapUV: 0
      m_Fill: 1
      m_Scale: {x: 1, y: 1}
      m_Offset: {x: 0, y: 0}
      m_Rotation: 0
      m_Anchor: 9
    m_Material: {fileID: 2100000, guid: c22777d6e868e4f2fb421913386b154e, type: 2}
    m_SubmeshIndex: 0
    m_ManualUV: 0
    elementGroup: 0
    m_TextureGroup: -1
  - m_Indexes: 470000004800000049000000
    m_SmoothingGroup: 0
    m_Uv:
      m_UseWorldSpace: 0
      m_FlipU: 0
      m_FlipV: 0
      m_SwapUV: 0
      m_Fill: 1
      m_Scale: {x: 1, y: 1}
      m_Offset: {x: 0, y: 0}
      m_Rotation: 0
      m_Anchor: 9
    m_Material: {fileID: 2100000, guid: c22777d6e868e4f2fb421913386b154e, type: 2}
    m_SubmeshIndex: 0
    m_ManualUV: 0
    elementGroup: 0
    m_TextureGroup: -1
  - m_Indexes: 4d0000004e0000004f000000
    m_SmoothingGroup: 0
    m_Uv:
      m_UseWorldSpace: 0
      m_FlipU: 0
      m_FlipV: 0
      m_SwapUV: 0
      m_Fill: 1
      m_Scale: {x: 1, y: 1}
      m_Offset: {x: 0, y: 0}
      m_Rotation: 0
      m_Anchor: 9
    m_Material: {fileID: 2100000, guid: c22777d6e868e4f2fb421913386b154e, type: 2}
    m_SubmeshIndex: 0
    m_ManualUV: 0
    elementGroup: 0
    m_TextureGroup: -1
  m_SharedVertices:
  - m_Vertices: 000000001e000000200000004c000000
  - m_Vertices: 010000001f000000230000004f000000
  - m_Vertices: 02000000040000002200000026000000
  - m_Vertices: 03000000050000002500000029000000
  - m_Vertices: 0600000008000000280000002c000000
  - m_Vertices: 07000000090000002b0000002f000000
  - m_Vertices: 0a0000000c0000002e00000032000000
  - m_Vertices: 0b0000000d0000003100000035000000
  - m_Vertices: 0e000000100000003400000038000000
  - m_Vertices: 0f00000011000000370000003b000000
  - m_Vertices: 12000000140000003a0000003e000000
  - m_Vertices: 13000000150000003d00000041000000
  - m_Vertices: 16000000180000004000000044000000
  - m_Vertices: 17000000190000004300000047000000
  - m_Vertices: 1a0000001c000000460000004a000000
  - m_Vertices: 1b0000001d000000490000004d000000
  - m_Vertices: 21000000270000002d00000033000000390000003f000000450000004b000000
  - m_Vertices: 240000002a00000030000000360000003c00000042000000480000004e000000
  m_SharedTextures: []
  m_Positions:
  - {x: 0, y: 0, z: 0}
  - {x: 0, y: 1, z: 0}
  - {x: -0.43933988, y: 0, z: 1.0606601}
  - {x: -0.43933988, y: 1, z: 1.0606601}
  - {x: -0.43933988, y: 0, z: 1.0606601}
  - {x: -0.43933988, y: 1, z: 1.0606601}
  - {x: -1.5000001, y: 0, z: 1.5}
  - {x: -1.5000001, y: 1, z: 1.5}
  - {x: -1.5000001, y: 0, z: 1.5}
  - {x: -1.5000001, y: 1, z: 1.5}
  - {x: -2.5606601, y: 0, z: 1.0606601}
  - {x: -2.5606601, y: 1, z: 1.0606601}
  - {x: -2.5606601, y: 0, z: 1.0606601}
  - {x: -2.5606601, y: 1, z: 1.0606601}
  - {x: -3, y: 0, z: -0.00000013113416}
  - {x: -3, y: 1, z: -0.00000013113416}
  - {x: -3, y: 0, z: -0.00000013113416}
  - {x: -3, y: 1, z: -0.00000013113416}
  - {x: -2.5606604, y: 0, z: -1.0606601}
  - {x: -2.5606604, y: 1, z: -1.0606601}
  - {x: -2.5606604, y: 0, z: -1.0606601}
  - {x: -2.5606604, y: 1, z: -1.0606601}
  - {x: -1.5, y: 0, z: -1.5}
  - {x: -1.5, y: 1, z: -1.5}
  - {x: -1.5, y: 0, z: -1.5}
  - {x: -1.5, y: 1, z: -1.5}
  - {x: -0.43934, y: 0, z: -1.0606604}
  - {x: -0.43934, y: 1, z: -1.0606604}
  - {x: -0.43934, y: 0, z: -1.0606604}
  - {x: -0.43934, y: 1, z: -1.0606604}
  - {x: 0, y: 0, z: 0}
  - {x: 0, y: 1, z: 0}
  - {x: 0, y: 0, z: 0}
  - {x: -1.5, y: 0, z: 0}
  - {x: -0.43933988, y: 0, z: 1.0606601}
  - {x: 0, y: 1, z: 0}
  - {x: -1.5, y: 1, z: 0}
  - {x: -0.43933988, y: 1, z: 1.0606601}
  - {x: -0.43933988, y: 0, z: 1.0606601}
  - {x: -1.5, y: 0, z: 0}
  - {x: -1.5000001, y: 0, z: 1.5}
  - {x: -0.43933988, y: 1, z: 1.0606601}
  - {x: -1.5, y: 1, z: 0}
  - {x: -1.5000001, y: 1, z: 1.5}
  - {x: -1.5000001, y: 0, z: 1.5}
  - {x: -1.5, y: 0, z: 0}
  - {x: -2.5606601, y: 0, z: 1.0606601}
  - {x: -1.5000001, y: 1, z: 1.5}
  - {x: -1.5, y: 1, z: 0}
  - {x: -2.5606601, y: 1, z: 1.0606601}
  - {x: -2.5606601, y: 0, z: 1.0606601}
  - {x: -1.5, y: 0, z: 0}
  - {x: -3, y: 0, z: -0.00000013113416}
  - {x: -2.5606601, y: 1, z: 1.0606601}
  - {x: -1.5, y: 1, z: 0}
  - {x: -3, y: 1, z: -0.00000013113416}
  - {x: -3, y: 0, z: -0.00000013113416}
  - {x: -1.5, y: 0, z: 0}
  - {x: -2.5606604, y: 0, z: -1.0606601}
  - {x: -3, y: 1, z: -0.00000013113416}
  - {x: -1.5, y: 1, z: 0}
  - {x: -2.5606604, y: 1, z: -1.0606601}
  - {x: -2.5606604, y: 0, z: -1.0606601}
  - {x: -1.5, y: 0, z: 0}
  - {x: -1.5, y: 0, z: -1.5}
  - {x: -2.5606604, y: 1, z: -1.0606601}
  - {x: -1.5, y: 1, z: 0}
  - {x: -1.5, y: 1, z: -1.5}
  - {x: -1.5, y: 0, z: -1.5}
  - {x: -1.5, y: 0, z: 0}
  - {x: -0.43934, y: 0, z: -1.0606604}
  - {x: -1.5, y: 1, z: -1.5}
  - {x: -1.5, y: 1, z: 0}
  - {x: -0.43934, y: 1, z: -1.0606604}
  - {x: -0.43934, y: 0, z: -1.0606604}
  - {x: -1.5, y: 0, z: 0}
  - {x: 0, y: 0, z: 0}
  - {x: -0.43934, y: 1, z: -1.0606604}
  - {x: -1.5, y: 1, z: 0}
  - {x: 0, y: 1, z: 0}
  m_Textures0:
  - {x: 0, y: 0}
  - {x: 0, y: 1}
  - {x: 1.1480503, y: 0}
  - {x: 1.1480503, y: 1}
  - {x: 0.81179416, y: 0}
  - {x: 0.81179416, y: 1}
  - {x: 1.9598445, y: 0}
  - {x: 1.9598445, y: 1}
  - {x: 0.81179404, y: 0}
  - {x: 0.81179404, y: 1}
  - {x: 1.9598442, y: 0}
  - {x: 1.9598442, y: 1}
  - {x: 0.000000040041662, y: 0}
  - {x: 0.000000040041662, y: 1}
  - {x: 1.1480504, y: 0}
  - {x: 1.1480504, y: 1}
  - {x: -1.1480498, y: 0}
  - {x: -1.1480498, y: 1}
  - {x: 0.00000016088065, y: 0}
  - {x: 0.00000016088065, y: 1}
  - {x: -1.9598447, y: 0}
  - {x: -1.9598447, y: 1}
  - {x: -0.8117942, y: 0}
  - {x: -0.8117942, y: 1}
  - {x: -1.9598444, y: 0}
  - {x: -1.9598444, y: 1}
  - {x: -0.8117943, y: 0}
  - {x: -0.8117943, y: 1}
  - {x: -1.1480505, y: 0}
  - {x: -1.1480505, y: 1}
  - {x: 0, y: 0}
  - {x: 0, y: 1}
  - {x: 0, y: 0}
  - {x: 1.5, y: 0}
  - {x: 0.43933988, y: 1.0606601}
  - {x: 0, y: 0}
  - {x: -1.5, y: 0}
  - {x: -0.43933988, y: 1.0606601}
  - {x: 0.43933988, y: 1.0606601}
  - {x: 1.5, y: 0}
  - {x: 1.5000001, y: 1.5}
  - {x: -0.43933988, y: 1.0606601}
  - {x: -1.5, y: 0}
  - {x: -1.5000001, y: 1.5}
  - {x: 1.5000001, y: 1.5}
  - {x: 1.5, y: 0}
  - {x: 2.5606601, y: 1.0606601}
  - {x: -1.5000001, y: 1.5}
  - {x: -1.5, y: 0}
  - {x: -2.5606601, y: 1.0606601}
  - {x: 2.5606601, y: 1.0606601}
  - {x: 1.5, y: 0}
  - {x: 3, y: -0.00000013113416}
  - {x: -2.5606601, y: 1.0606601}
  - {x: -1.5, y: 0}
  - {x: -3, y: -0.00000013113416}
  - {x: 3, y: -0.00000013113416}
  - {x: 1.5, y: 0}
  - {x: 2.5606604, y: -1.0606601}
  - {x: -3, y: -0.00000013113416}
  - {x: -1.5, y: 0}
  - {x: -2.5606604, y: -1.0606601}
  - {x: 2.5606604, y: -1.0606601}
  - {x: 1.5, y: 0}
  - {x: 1.5, y: -1.5}
  - {x: -2.5606604, y: -1.0606601}
  - {x: -1.5, y: 0}
  - {x: -1.5, y: -1.5}
  - {x: 1.5, y: -1.5}
  - {x: 1.5, y: 0}
  - {x: 0.43934, y: -1.0606604}
  - {x: -1.5, y: -1.5}
  - {x: -1.5, y: 0}
  - {x: -0.43934, y: -1.0606604}
  - {x: 0.43934, y: -1.0606604}
  - {x: 1.5, y: 0}
  - {x: 0, y: 0}
  - {x: -0.43934, y: -1.0606604}
  - {x: -1.5, y: 0}
  - {x: 0, y: 0}
  m_Textures2: []
  m_Textures3: []
  m_Tangents:
  - {x: 0, y: 0, z: 1, w: -1}
  - {x: 0, y: 0, z: 1, w: -1}
  - {x: -0.70710677, y: 0, z: 0.70710677, w: -1}
  - {x: -0.70710677, y: 0, z: 0.70710677, w: -1}
  - {x: -0.7071067, y: 0, z: 0.7071068, w: -1}
  - {x: -0.7071067, y: 0, z: 0.7071068, w: -1}
  - {x: -1, y: 0, z: -0.0000000645156, w: -1}
  - {x: -1, y: 0, z: -0.0000000645156, w: -1}
  - {x: -1, y: 0, z: -0.0000000645156, w: -1}
  - {x: -1, y: 0, z: -0.0000000645156, w: -1}
  - {x: -0.7071067, y: 0, z: -0.7071068, w: -1}
  - {x: -0.7071067, y: 0, z: -0.7071068, w: -1}
  - {x: -0.70710677, y: 0, z: -0.70710677, w: -1}
  - {x: -0.70710677, y: 0, z: -0.70710677, w: -1}
  - {x: -0.0000000322578, y: 0, z: -1, w: -1}
  - {x: -0.0000000322578, y: 0, z: -1, w: -1}
  - {x: -0.00000006451559, y: 0, z: -1, w: -1}
  - {x: -0.00000006451559, y: 0, z: -1, w: -1}
  - {x: 0.70710677, y: 0, z: -0.7071068, w: -1}
  - {x: 0.70710677, y: 0, z: -0.7071068, w: -1}
  - {x: 0.70710677, y: 0, z: -0.7071068, w: -1}
  - {x: 0.70710677, y: 0, z: -0.7071068, w: -1}
  - {x: 1, y: 0, z: -0.0000000322578, w: -1}
  - {x: 1, y: 0, z: -0.0000000322578, w: -1}
  - {x: 1, y: 0, z: -0.0000000645156, w: -1}
  - {x: 1, y: 0, z: -0.0000000645156, w: -1}
  - {x: 0.70710677, y: 0, z: 0.70710677, w: -1}
  - {x: 0.70710677, y: 0, z: 0.70710677, w: -1}
  - {x: 0.7071068, y: 0, z: 0.7071067, w: -1}
  - {x: 0.7071068, y: 0, z: 0.7071067, w: -1}
  - {x: 0.0000000322578, y: 0, z: 1, w: -1}
  - {x: 0.0000000322578, y: 0, z: 1, w: -1}
  - {x: -1, y: 0, z: 0, w: -1}
  - {x: -1, y: 0, z: 0, w: -1}
  - {x: -1, y: 0, z: 0, w: -1}
  - {x: 1, y: 0, z: 0, w: -1}
  - {x: 1, y: 0, z: 0, w: -1}
  - {x: 1, y: 0, z: 0, w: -1}
  - {x: -1, y: 0, z: 0, w: -1}
  - {x: -1, y: 0, z: 0, w: -1}
  - {x: -1, y: 0, z: 0, w: -1}
  - {x: 1, y: 0, z: 0, w: -1}
  - {x: 1, y: 0, z: 0, w: -1}
  - {x: 1, y: 0, z: 0, w: -1}
  - {x: -1, y: 0, z: 0, w: -1}
  - {x: -1, y: 0, z: 0, w: -1}
  - {x: -1, y: 0, z: 0, w: -1}
  - {x: 1, y: 0, z: 0, w: -1}
  - {x: 1, y: 0, z: 0, w: -1}
  - {x: 1, y: 0, z: 0, w: -1}
  - {x: -1, y: 0, z: 0, w: -1}
  - {x: -1, y: 0, z: 0, w: -1}
  - {x: -1, y: 0, z: 0, w: -1}
  - {x: 1, y: 0, z: 0, w: -1}
  - {x: 1, y: 0, z: 0, w: -1}
  - {x: 1, y: 0, z: 0, w: -1}
  - {x: -1, y: 0, z: 0, w: -1}
  - {x: -1, y: 0, z: 0, w: -1}
  - {x: -1, y: 0, z: 0, w: -1}
  - {x: 1, y: 0, z: 0, w: -1}
  - {x: 1, y: 0, z: 0, w: -1}
  - {x: 1, y: 0, z: 0, w: -1}
  - {x: -1, y: 0, z: 0, w: -1}
  - {x: -1, y: 0, z: 0, w: -1}
  - {x: -1, y: 0, z: 0, w: -1}
  - {x: 1, y: 0, z: 0, w: -1}
  - {x: 1, y: 0, z: 0, w: -1}
  - {x: 1, y: 0, z: 0, w: -1}
  - {x: -1, y: 0, z: 0, w: -1}
  - {x: -1, y: 0, z: 0, w: -1}
  - {x: -1, y: 0, z: 0, w: -1}
  - {x: 1, y: 0, z: 0, w: -1}
  - {x: 1, y: 0, z: 0, w: -1}
  - {x: 1, y: 0, z: 0, w: -1}
  - {x: -1, y: 0, z: 0, w: -1}
  - {x: -1, y: 0, z: 0, w: -1}
  - {x: -1, y: 0, z: 0, w: -1}
  - {x: 1, y: 0, z: 0, w: -1}
  - {x: 1, y: 0, z: 0, w: -1}
  - {x: 1, y: 0, z: 0, w: -1}
  m_Colors: []
  m_UnwrapParameters:
    m_HardAngle: 88
    m_PackMargin: 20
    m_AngleError: 8
    m_AreaError: 15
  m_PreserveMeshAssetOnDestroy: 0
  assetGuid: 
  m_IsSelectable: 1
  m_SelectedFaces: 
  m_SelectedEdges: []
  m_SelectedVertices: 
--- !u!64 &5016229228328806346
MeshCollider:
  m_ObjectHideFlags: 0
  m_CorrespondingSourceObject: {fileID: 0}
  m_PrefabInstance: {fileID: 0}
  m_PrefabAsset: {fileID: 0}
  m_GameObject: {fileID: 754643347563284262}
  m_Material: {fileID: 0}
  m_IsTrigger: 0
  m_Enabled: 1
  serializedVersion: 4
  m_Convex: 0
  m_CookingOptions: 30
  m_Mesh: {fileID: 0}
--- !u!1001 &3871632405640271356
PrefabInstance:
  m_ObjectHideFlags: 0
  serializedVersion: 2
  m_Modification:
    m_TransformParent: {fileID: 8472106170736559769}
    m_Modifications:
    - target: {fileID: 3137866103171383257, guid: 6a34279419e81a54ebea89bdff7e2baf, type: 3}
      propertyPath: m_Mesh
      value: 
      objectReference: {fileID: 0}
    - target: {fileID: 5380840521364240729, guid: 6a34279419e81a54ebea89bdff7e2baf, type: 3}
      propertyPath: m_LocalPosition.x
      value: -2.57
      objectReference: {fileID: 0}
    - target: {fileID: 5380840521364240729, guid: 6a34279419e81a54ebea89bdff7e2baf, type: 3}
      propertyPath: m_LocalPosition.y
      value: -3.47
      objectReference: {fileID: 0}
    - target: {fileID: 5380840521364240729, guid: 6a34279419e81a54ebea89bdff7e2baf, type: 3}
      propertyPath: m_LocalPosition.z
      value: 0
      objectReference: {fileID: 0}
    - target: {fileID: 5380840521364240729, guid: 6a34279419e81a54ebea89bdff7e2baf, type: 3}
      propertyPath: m_LocalRotation.x
      value: 0
      objectReference: {fileID: 0}
    - target: {fileID: 5380840521364240729, guid: 6a34279419e81a54ebea89bdff7e2baf, type: 3}
      propertyPath: m_LocalRotation.y
      value: 0
      objectReference: {fileID: 0}
    - target: {fileID: 5380840521364240729, guid: 6a34279419e81a54ebea89bdff7e2baf, type: 3}
      propertyPath: m_LocalRotation.z
      value: 0
      objectReference: {fileID: 0}
    - target: {fileID: 5380840521364240729, guid: 6a34279419e81a54ebea89bdff7e2baf, type: 3}
      propertyPath: m_LocalRotation.w
      value: 1
      objectReference: {fileID: 0}
    - target: {fileID: 5380840521364240729, guid: 6a34279419e81a54ebea89bdff7e2baf, type: 3}
      propertyPath: m_RootOrder
      value: 1
      objectReference: {fileID: 0}
    - target: {fileID: 5380840521364240729, guid: 6a34279419e81a54ebea89bdff7e2baf, type: 3}
      propertyPath: m_LocalEulerAnglesHint.x
      value: 0
      objectReference: {fileID: 0}
    - target: {fileID: 5380840521364240729, guid: 6a34279419e81a54ebea89bdff7e2baf, type: 3}
      propertyPath: m_LocalEulerAnglesHint.y
      value: 0
      objectReference: {fileID: 0}
    - target: {fileID: 5380840521364240729, guid: 6a34279419e81a54ebea89bdff7e2baf, type: 3}
      propertyPath: m_LocalEulerAnglesHint.z
      value: 0
      objectReference: {fileID: 0}
    - target: {fileID: 5380840521364240729, guid: 6a34279419e81a54ebea89bdff7e2baf, type: 3}
      propertyPath: m_LocalScale.z
      value: 0.5
      objectReference: {fileID: 0}
    - target: {fileID: 7455176349999079006, guid: 6a34279419e81a54ebea89bdff7e2baf, type: 3}
      propertyPath: m_Name
      value: Leg (1)
      objectReference: {fileID: 0}
    - target: {fileID: 7764956438847675635, guid: 6a34279419e81a54ebea89bdff7e2baf, type: 3}
      propertyPath: m_Mesh
      value: 
      objectReference: {fileID: 0}
    m_RemovedComponents: []
  m_SourcePrefab: {fileID: 100100000, guid: 6a34279419e81a54ebea89bdff7e2baf, type: 3}
--- !u!4 &9157604581400980645 stripped
Transform:
  m_CorrespondingSourceObject: {fileID: 5380840521364240729, guid: 6a34279419e81a54ebea89bdff7e2baf, type: 3}
  m_PrefabInstance: {fileID: 3871632405640271356}
  m_PrefabAsset: {fileID: 0}
--- !u!1001 &3999959173311318956
PrefabInstance:
  m_ObjectHideFlags: 0
  serializedVersion: 2
  m_Modification:
    m_TransformParent: {fileID: 8472106170736559769}
    m_Modifications:
    - target: {fileID: 3137866103171383257, guid: 6a34279419e81a54ebea89bdff7e2baf, type: 3}
      propertyPath: m_Mesh
      value: 
      objectReference: {fileID: 0}
    - target: {fileID: 5380840521364240729, guid: 6a34279419e81a54ebea89bdff7e2baf, type: 3}
      propertyPath: m_LocalPosition.x
      value: -1.77
      objectReference: {fileID: 0}
    - target: {fileID: 5380840521364240729, guid: 6a34279419e81a54ebea89bdff7e2baf, type: 3}
      propertyPath: m_LocalPosition.y
      value: -3.47
      objectReference: {fileID: 0}
    - target: {fileID: 5380840521364240729, guid: 6a34279419e81a54ebea89bdff7e2baf, type: 3}
      propertyPath: m_LocalPosition.z
      value: 0.71
      objectReference: {fileID: 0}
    - target: {fileID: 5380840521364240729, guid: 6a34279419e81a54ebea89bdff7e2baf, type: 3}
      propertyPath: m_LocalRotation.x
      value: 0
      objectReference: {fileID: 0}
    - target: {fileID: 5380840521364240729, guid: 6a34279419e81a54ebea89bdff7e2baf, type: 3}
      propertyPath: m_LocalRotation.y
      value: 0
      objectReference: {fileID: 0}
    - target: {fileID: 5380840521364240729, guid: 6a34279419e81a54ebea89bdff7e2baf, type: 3}
      propertyPath: m_LocalRotation.z
      value: 0
      objectReference: {fileID: 0}
    - target: {fileID: 5380840521364240729, guid: 6a34279419e81a54ebea89bdff7e2baf, type: 3}
      propertyPath: m_LocalRotation.w
      value: 1
      objectReference: {fileID: 0}
    - target: {fileID: 5380840521364240729, guid: 6a34279419e81a54ebea89bdff7e2baf, type: 3}
      propertyPath: m_RootOrder
      value: 2
      objectReference: {fileID: 0}
    - target: {fileID: 5380840521364240729, guid: 6a34279419e81a54ebea89bdff7e2baf, type: 3}
      propertyPath: m_LocalEulerAnglesHint.x
      value: 0
      objectReference: {fileID: 0}
    - target: {fileID: 5380840521364240729, guid: 6a34279419e81a54ebea89bdff7e2baf, type: 3}
      propertyPath: m_LocalEulerAnglesHint.y
      value: 0
      objectReference: {fileID: 0}
    - target: {fileID: 5380840521364240729, guid: 6a34279419e81a54ebea89bdff7e2baf, type: 3}
      propertyPath: m_LocalEulerAnglesHint.z
      value: 0
      objectReference: {fileID: 0}
    - target: {fileID: 5380840521364240729, guid: 6a34279419e81a54ebea89bdff7e2baf, type: 3}
      propertyPath: m_LocalScale.z
      value: 0.5
      objectReference: {fileID: 0}
    - target: {fileID: 7455176349999079006, guid: 6a34279419e81a54ebea89bdff7e2baf, type: 3}
      propertyPath: m_Name
      value: Leg (2)
      objectReference: {fileID: 0}
    - target: {fileID: 7764956438847675635, guid: 6a34279419e81a54ebea89bdff7e2baf, type: 3}
      propertyPath: m_Mesh
      value: 
      objectReference: {fileID: 0}
    m_RemovedComponents: []
  m_SourcePrefab: {fileID: 100100000, guid: 6a34279419e81a54ebea89bdff7e2baf, type: 3}
--- !u!4 &9020182687838122741 stripped
Transform:
  m_CorrespondingSourceObject: {fileID: 5380840521364240729, guid: 6a34279419e81a54ebea89bdff7e2baf, type: 3}
  m_PrefabInstance: {fileID: 3999959173311318956}
  m_PrefabAsset: {fileID: 0}
--- !u!1001 &8761252879773009181
PrefabInstance:
  m_ObjectHideFlags: 0
  serializedVersion: 2
  m_Modification:
    m_TransformParent: {fileID: 8472106170736559769}
    m_Modifications:
    - target: {fileID: 3137866103171383257, guid: 6a34279419e81a54ebea89bdff7e2baf, type: 3}
      propertyPath: m_Mesh
      value: 
      objectReference: {fileID: 0}
    - target: {fileID: 5380840521364240729, guid: 6a34279419e81a54ebea89bdff7e2baf, type: 3}
      propertyPath: m_LocalPosition.x
      value: -1
      objectReference: {fileID: 0}
    - target: {fileID: 5380840521364240729, guid: 6a34279419e81a54ebea89bdff7e2baf, type: 3}
      propertyPath: m_LocalPosition.y
      value: -3.47
      objectReference: {fileID: 0}
    - target: {fileID: 5380840521364240729, guid: 6a34279419e81a54ebea89bdff7e2baf, type: 3}
      propertyPath: m_LocalPosition.z
      value: 0
      objectReference: {fileID: 0}
    - target: {fileID: 5380840521364240729, guid: 6a34279419e81a54ebea89bdff7e2baf, type: 3}
      propertyPath: m_LocalRotation.x
      value: 0
      objectReference: {fileID: 0}
    - target: {fileID: 5380840521364240729, guid: 6a34279419e81a54ebea89bdff7e2baf, type: 3}
      propertyPath: m_LocalRotation.y
      value: 0
      objectReference: {fileID: 0}
    - target: {fileID: 5380840521364240729, guid: 6a34279419e81a54ebea89bdff7e2baf, type: 3}
      propertyPath: m_LocalRotation.z
      value: 0
      objectReference: {fileID: 0}
    - target: {fileID: 5380840521364240729, guid: 6a34279419e81a54ebea89bdff7e2baf, type: 3}
      propertyPath: m_LocalRotation.w
      value: 1
      objectReference: {fileID: 0}
    - target: {fileID: 5380840521364240729, guid: 6a34279419e81a54ebea89bdff7e2baf, type: 3}
      propertyPath: m_RootOrder
      value: 0
      objectReference: {fileID: 0}
    - target: {fileID: 5380840521364240729, guid: 6a34279419e81a54ebea89bdff7e2baf, type: 3}
      propertyPath: m_LocalEulerAnglesHint.x
      value: 0
      objectReference: {fileID: 0}
    - target: {fileID: 5380840521364240729, guid: 6a34279419e81a54ebea89bdff7e2baf, type: 3}
      propertyPath: m_LocalEulerAnglesHint.y
      value: 0
      objectReference: {fileID: 0}
    - target: {fileID: 5380840521364240729, guid: 6a34279419e81a54ebea89bdff7e2baf, type: 3}
      propertyPath: m_LocalEulerAnglesHint.z
      value: 0
      objectReference: {fileID: 0}
    - target: {fileID: 5380840521364240729, guid: 6a34279419e81a54ebea89bdff7e2baf, type: 3}
      propertyPath: m_LocalScale.z
      value: 0.5
      objectReference: {fileID: 0}
    - target: {fileID: 7455176349999079006, guid: 6a34279419e81a54ebea89bdff7e2baf, type: 3}
      propertyPath: m_Name
      value: Leg
      objectReference: {fileID: 0}
    - target: {fileID: 7764956438847675635, guid: 6a34279419e81a54ebea89bdff7e2baf, type: 3}
      propertyPath: m_Mesh
      value: 
      objectReference: {fileID: 0}
    m_RemovedComponents: []
  m_SourcePrefab: {fileID: 100100000, guid: 6a34279419e81a54ebea89bdff7e2baf, type: 3}
--- !u!4 &3691452934648527940 stripped
Transform:
  m_CorrespondingSourceObject: {fileID: 5380840521364240729, guid: 6a34279419e81a54ebea89bdff7e2baf, type: 3}
  m_PrefabInstance: {fileID: 8761252879773009181}
  m_PrefabAsset: {fileID: 0}
